@misc{Gartner_EMM_2016,
author = {Rob Smith, Bryan Taylor, Chris Silva, Manjunath Bhat, Terrence Cosgrove, John Girard},
title = "Magic Quadrant for Enterprise Mobility Management Suites {[online]}",
url = {https://www.gartner.com/doc/reprints?id=1-390IMNG&ct=160608&st=sb},
type = {web page},
month = {{June}},
year = {{2016}},
note = "[Cit. 26-02-2017]"
}


@misc{Intel_Mac_PC,
title = "Mac* vs. PC Debate {[online]}",
url = {http://www.intel.com/content/www/us/en/tech-tips-and-tricks/pc-vs-mac-the-big-debate.html},
type = {web page},
month = {{June}},
year = {{2016}},
note = "[Cit. 01-03-2017]",
key = "zMac"
}

@misc{Statcounter1,
title = "Mobile \& tablet operating system market share in Czech Republic | StatCounter Global Stats {[online]}",
url = {http://gs.statcounter.com/os-market-share/mobile-tablet/czech-republic/},
type = {web page},
month = {{June}},
year = {{2016}},
note = "[Cit. 01-03-2017]",
key = "zStatcounter1"
}

@misc{HNAndroid,
author = {Otakar Schön},
title = "Android předběhne Windows jako nejpoužívanější systém na webu, v Česku mu brání drahá data {[online]}",
url = {http://tech.ihned.cz/internet/c1-65653000-android-predbehne-windows-jako-nejpouzivanejsi-system-na-webu-v-cesku-mu-brani-draha-data},
type = {web page},
month = {{March}},
year = {{2017}},
note = "[Cit. 20-04-2017]"
}

@misc{AppleMacOS,
title = "macOS -- What is macOS {[online]}",
url = {https://www.apple.com/macos/what-is/},
type = {web page},
note = "[Cit. 01-03-2017]",
key = "zAppleMacOS"
}

@misc{GartnerSmartphone,
title = "Smartphone - Gartner IT Glossary {[online]}",
url = {http://www.gartner.com/it-glossary/smartphone/},
type = {web page},
note = "[Cit. 01-03-2017]",
key = "zGartnerSmartphone"
}

@misc{Statcounter2,
title = "Operating system market share Worldwide | StatCounter Global Stats {[online]}",
url = {http://gs.statcounter.com/os-market-share/},
type = {web page},
note = "[Cit.01-03-2017]",
key = "zStatcounter2"
}

@misc{Nokia1,
title = "Nokia Threat Intelligence Report -- H2 2015 {[online]}",
url = {http://resources.alcatel-lucent.com/asset/193174},
type = {web page},
month = {{March}},
year = {{2016}},
note = "[Cit. 20-04-2017]",
key = "zNokia1"
}

@misc{Nokia2,
title = "Nokia malware report shows smartphones now account for 60\% of infections in the mobile network {[online]}",
url = {http://www.nokia.com/en\_int/news/releases/2016/03/01/nokia-malware-report-shows-smartphones-now-account-for-60-of-infections-in-the-mobile-network},
type = {web page},
month = {{March}},
year = {{2016}},
note = "[Cit. 20-04-2017]",
key = "zNokia2"
}

@misc{pcmagEthernet,
title = "Ethernet Definition from PC Magazine Encyclopedia {[online]}",
url = {http://www.pcmag.com/encyclopedia/term/42781/ethernet},
type = {web page},
note = "[Cit. 01-03-2017]",
key = "zEthernet"
}

@misc{pcmagWifi,
title = "Wi-Fi Definition from PC Magazine Encyclopedia {[online]}",
url = {http://www.pcmag.com/encyclopedia/term/54444/wi-fi},
type = {web page},
note = "[Cit. 01-03-2017]",
key = "zWIFI"
}

@misc{systemonline,
title = "Mobile device management {[online]}",
url = {http://www.systemonline.cz/sprava-it/mobile-device-management.htm},
type = {web page},
month = {{February}},
year = {{2012}},
note = "[Cit. 07-03-2017]",
key = "zSystemOnline"
}

@misc{MAMcitace,
author = {Martin Keen},
title = "Nokia malware report shows smartphones now account for 60\% of infections in the mobile network {[online]}",
url = {https://www.ibm.com/developerworks/community/blogs/mobileblog/entry/got\_mam\_mobile\_application\_management\_in\_your\_2013\_mobile\_menu25?lang=en},
type = {web page},
month = {{January}},
year = {{2013}},
note = "[Cit. 07-03-2017]"
}

@misc{GartnerNAC,
author = {Claudio Neiva, Lawrence Orans},
title = "Market Guide for Network Access Control {[online]}",
url = {https://www.gartner.com/doc/reprints?id=1-3I8W2V2\&ct=160922\&st=sb},
type = {web page},
month = {{March}},
year = {{2016}},
note = "[Cit. 02-03-2017]"
}

@misc{JBBrief,
title = "Technology brief\ldots {[online]}",
url = {http://jgoldassociates.com/Technology\_Brief/Technology\_Brief\_April\_2016.pdf},
type = {web page},
month = {{April}},
year = {{2016}},
note = "[Cit. 20-04-2017]",
key = "zJBBrief"
}

@misc{MABKeeper,
title = "AleFIT MAB Keeper a AleFIT Office Locator {[online]}",
url = {https://www.alef.com/alefnula/alefit-mab-keeper-a-alefit-office-locator.c-269.html},
type = {web page},
month = {{October}},
year = {{2016}},
note = "[Cit. 01-02-2017]",
key = "zMABKeeper"
}

@misc{Zakon1,
title = "Vyhláška č. 316/2014 Sb., o bezpečnostních opatřeních, kybernetických bezpečnostních incidentech, reaktivních opatřeních a o stanovení náležitostí podání v oblasti kybernetické bezpečnosti (vyhláška o kybernetické bezpečnosti)",
url = {https://www.zakonyprolidi.cz/cs/2014-316/zneni-20150101},
type = {web page},
month = {{January}},
year = {{2015}},
note = "[Cit. 01-05-2017]",
key = "zZakon1"
}


@misc{ManagementMania,
title = "Křížný prodej (Cross-selling) {[online]}",
url = {https://managementmania.com/cs/krizovy-prodej-cross-selling},
type = {web page},
month = {{December}},
year = {{2016}},
note = "[Cit. 01-03-2017]",
key = "zmanagementmania"
}

@misc{csu1,
author = {Petra Báčová},
title = "Chytré telefony zvyšují počet uživatelů internetu {[online]}",
url = {https://www.czso.cz/csu/czso/chytre-telefony-zvysuji-pocet-uzivatelu-internetu},
type = {web page},
month = {{May}},
year = {{2016}},
note = "[Cit. 01-03-2017]"
}

@misc{barometer,
title = "Consumer Barometer {[online]}",
url = {https://www.consumerbarometer.com/en/about/},
type = {web page},
month = {{April}},
year = {{2015}},
note = "[Cit. 01-03-2017]",
key = "zBarometer"
}

@misc{oxford,
title = "BYOD - definition of BYOD in English | Oxford Dictionaries {[online]}",
url = {https://en.oxforddictionaries.com/definition/BYOD},
type = {web page},
note = "[Cit. 05-03-2017]",
key = "zOxford"
}

@misc{cambridge,
title = "BYOD Meaning in the Cambridge English Dictionary {[online]}",
url = {http://dictionary.cambridge.org/dictionary/english/byod},
type = {web page},
note = "[Cit. 05-03-2017]",
key = "zCambridge"
}

@misc{GartnerBYOD,
title = "BYOD -- Bring Your Own Device -- Free Gartner Research {[online]}",
url = {http://www.gartner.com/it-glossary/bring-your-own-device-byod},
type = {web page},
note = "[Cit. 05-03-2017]",
key = "zGartnerBYOD"

}

@misc{DeloitteBYOD,
author = {Thomas Struthers, Paul Lee},
title = "Understanding the BYOD landscape {[online]}",
url = {https://www2.deloitte.com/uk/en/pages/technology-media-and-telecommunications/articles/understanding-the-bring-your-own-device-landscape.html},
type = {web page},
year = {{2013}},
note = "[Cit. 01-02-2017]"
}

@misc{GoogleTrends,
title = "BYOD - Prozkoumat - Trendy Google {[online]}",
url = {https://trends.google.com/trends/explore?q=BYOD},
type = {web page},
note = "[Cit. 01-03-2017]",
key = "zGoogleTrends"
}

@misc{HNBYOD,
author = {Pavel Houser},
title = "BYOD přináší firmám vyšší produktivitu i bezpečnostní rizika {[online]}",
url = {http://archiv.ihned.cz/c1-65235190-byod-prinasi-firmam-vyssi-produktivitu-i-bezpecnostni-rizika},
type = {web page},
month = {{April}},
year = {{2016}},
note = "[Cit. 20-03-2017]"
}

@misc{IntelBYOD,
title = "BYOD po česku -- pouze 7 \% firem vítá využití soukromých počítačů zaměstnanců {[online]}",
url = {http://ictrevue.ihned.cz/c3-65456950-0ICT00_d-65456950-byod-po-cesku-pouze-v-7-firem-vita-vyuziti-soukromych-pocitacu-zamestnancu},
type = {web page},
month = {{September}},
year = {{2016}},
note = "[Cit. 20-03-2017]",
key = "zIntelBYOD"
}

@misc{pravniProstor,
author = {Jan Diblík AND Pavel Zahradníček},
title = "Právní aspekty BYOD (Bring Your Own Device) a jeho praktická využitelnost v českých společnostech {[online]}",
url = {http://www.pravniprostor.cz/clanky/pracovni-pravo/pravni-aspekty-byod-bring-your-own-device-a-jeho-prakticka-vyuzitelnost-v-ceskych-spolecnostech},
type = {web page},
month = {{January}},
year = {{2017}},
note = "[Cit. 01-04-2017]",
}

@misc{homeOffice,
author = {Pavel Marc},
title = "Rady jak vyzrát na home office. Chystaná regulace víří největší emoce {[online]}",
url = {http://www.e15.cz/finexpert/vydelavame/rady-jak-vyzrat-na-home-office-chystana-regulace-viri-nejvetsi-emoce-1330808},
type = {web page},
month = {{April}},
year = {{2017}},
note = "[Cit. 20-04-2017]",
}

@misc{ponemon,
title = "2016 State of the Endpoint Report {[online]}",
url = {http://www.countertack.com/2016-state-of-the-endpoint-report},
type = {web page},
month = {{April}},
year = {{2016}},
note = "[Cit. 20-03-2017]",
key = "zponemon"
}

@misc{GartnerFlex,
author = {Mark Lockwood},
title = "Is VMware’s Horizon FLEX the answer to BYOD? {[online]}",
url = {http://blogs.gartner.com/mark-lockwood/2014/10/14/is-vmwares-horizon-flex-the-answer-to-byod/},
type = {web page},
month = {{October}},
year = {{2014}},
note = "[Cit. 20-01-2017]"
}

@misc{GartnerSecurity,
author = {John Girard AND Dionisio Zumerle AND Rob Smith},
title = "Critical Capabilities for High-Security Mobility Management {[online]}",
url = {https://www.gartner.com/doc/reprints?id=1-3GSO3TQ\&ct=160902\&st=sb},
type = {web page},
month = {{August}},
year = {{2016}},
note = "[Cit. 20-04-2017]"
}

@misc{BBSpecs,
title = "GFE Comparison - Canada {[online]}",
url = {https://ca.blackberry.com/enterprise/gfe-comparison},
type = {web page},
note = "[Cit. 20-04-2017]",
key = "zBBSpecs"
}

@misc{IDC1,
author = {Stacy K Crook},
title = "Worldwide Enterprise Mobility Management Software Market Shares, 2014: Fragmentation Continues,
But the Dust Is Starting to Settle {[online]}",
url = {http://www.air-watch.com/resources/analyst-reports/idc-worldwide-enterprise-mobility-management-software-market-shares-2014/download/},
type = {web page},
month = {{June}},
year = {{2015}},
note = "[Cit. 07-02-2017]"
}

@misc{IDC0,
author = {Phil Hochmuth},
title = "Worldwide Enterprise Mobility Management Software Market Shares, 2015: Consolidation of Vendors and Market Share Changes the Landscape {[online]}",
url = {http://www.air-watch.com/downloads/resources/US40430516e_VMware.pdf},
type = {web page},
month = {{May}},
year = {{2016}},
note = "[Cit. 07-02-2017]"
}

@misc{IDC2,
author = {Pablo Valerio},
title = "AirWatch Consolidates EMM Leadership in Latest IDC Report {[online]}",
url = {https://theictscoop.com/airwatch-consolidates-emm-leadership-in-latest-idc-report-6622602febde},
type = {web page},
month = {{June}},
year = {{2016}},
note = "[Cit. 07-02-2017]"
}

@misc{VmBuyAir,
author = {Louis Cheng AND Heather Sliwinski},
title = "VMware Completes Acquisition of AirWatch {[online]}",
url = {http://ir.vmware.com/overview/press-releases/press-release-details/2014/VMware-Completes-Acquisition-of-AirWatch/default.aspx},
type = {web page},
month = {{February}},
year = {{2014}},
note = "[Cit. 20-05-2017]"
}

@misc{BBBuyDox,
title = "BlackBerry Completes WatchDox Acquisition {[online]}",
url = {https://global.blackberry.com/en/company/newsroom/press?id=1946553},
type = {web page},
month = {{May}},
year = {{2015}},
note = "[Cit. 20-05-2017]",
key = "BBBuyDox"
}

@misc{BBBuyGood,
title = "BlackBerry Completes WatchDox Acquisition {[online]}",
url = {https://global.blackberry.com/en/company/newsroom/press?id=1998017},
type = {web page},
month = {{November}},
year = {{2015}},
note = "[Cit. 20-05-2017]",
key = "BBBuyGood"
}

@misc{CiscoBuyMeraki,
title = "Cisco Completes Acquisition of Meraki {[online]}",
url = {https://newsroom.cisco.com/press-release-content?articleId=1118649},
type = {web page},
month = {{December}},
year = {{2012}},
note = "[Cit. 20-05-2017]",
key = "zCiscoBuyMeraki"
}

@misc{DellBuyEMC,
title = "Historic Dell and EMC Merger Complete; Forms World’s Largest Privately-Controlled Tech Company {[online]}",
url = {https://www.emc.com/about/news/press/2016/20160907-01.htm},
type = {web page},
month = {{September}},
year = {{2016}},
note = "[Cit. 20-05-2017]",
key = "zDellBuyEMC"
}

@misc{IDCVCC,
author = {Robert Young AND David Laing},
title = "IDC MarketScape: Worldwide Virtual Client Computing Software 2016 Vendor Assessment {[online]}",
url = {http://campaign.vmware.com/imgs/GlobalCampaigns/39249/IDC\_MarketScape\_Worldwide\_Virtual\_Client\_Computing\_Software\_2016\_Vendor\_Assessment.pdf},
type = {web page},
month = {{November}},
year = {{2016}},
note = "[Cit. 20-02-2017]"
}


@misc{CitrixHDX,
author = {Rachel Berry},
title = "Citrix XenDesktop/XenApp: What is HDX? It’s not just ICA! {[online]}",
url = {https://www.citrix.com/blogs/2014/08/18/citrix-xendesktopxenapp-what-is-hdx-its-not-just-ica/},
type = {web page},
year = {{2014}},
note = "[Cit. 20-04-2017]"
}

@misc{CitrixInfo,
title = "Why choose Citrix over VMware infographic {[online]}",
url = {https://www.citrix.com/content/dam/citrix/en\_us/documents/products-solutions/why-choose-citrix-over-vmware-infographic.pdf},
type = {web page},
year = {{2016}},
note = "[Cit. 09-02-2017]",
key = "zCitrixInfo"
}

@misc{AmazonAWS,
author = "Dean Francis",
title = "Guide To VDI: Evaluating Top Vendors {[online]}",
url = {http://www.networkcomputing.com/storage/guide-vdi-evaluating-top-vendors/1908233543/page/0/1},
type = {web page},
month = {February},
year = {{2015}},
note = "[Cit. 20-01-2017]"
}

@misc{CIOReview,
title = "Guide To VDI: Evaluating Top Vendors {[online]}",
url = {http://byod.cioreview.com/vendors/most-promising-byod-solution-providers-2016.html},
type = {web page},
note = "[Cit. 20-01-2017]",
key = "zCIOReview"
}

@misc{VMFIPS,
title = "Federal Information Processing Standards (FIPS) {[online]}",
url = {http://www.vmware.com/security/certifications/fips.html},
type = {web page},
note = "[Cit. 10-05-2017]",
key = "VMFIPS"
}

@misc{VMProdukty,
title = "Produkty společnosti VMware {[online]}",
url = {http://www.vmware.com/cz/products.html},
type = {web page},
note = "[Cit. 09-02-2017]",
key = "zVMProdukty"
}

@misc{VMBetter,
title = "Why VMware Horizon Is Better Than Citrix XenDesktop  {[online]}",
url = {http://digital.leadmagz.com/ingrammicro/VMware/VMware\_Why\_Horizon\_over\_Citrix\_Whitepaper.pdf},
type = {web page},
note = "[Cit. 09-02-2017]",
key = "zVMBetter"
}

@misc{CitrixPaper,
title = "Three areas where Citrix XenApp and XenDesktop outperform VMware Horizon  {[online]}",
url = {https://www.citrix.com/content/dam/citrix/en\_us/documents/white-paper/three-areas-where-citrix-xenapp-and-xendesktop-outperform-vmware-horizon.pdf},
type = {web page},
year = {{2016}},
note = "[Cit. 09-02-2017]",
key = "zCitrixPaper"
}

@misc{ForresterWave,
author = {David K Johnson},
title = "The Forrester Wave: Server-Hosted Virtual Desktops (VDI), Q3 2015  {[online]}",
url = {http://www.vmware.com/content/dam/digitalmarketing/vmware/en/pdf/view/vmware-horizon-vs-microsoft-quick-look.pdf},
type = {web page},
year = {{2015}},
note = "[Cit. 20-01-2017]"
}

@misc{VMwareMicrosoft,
title = "VMware Horizon 7, Horizon Air, and Horizon FLEX advantages over Microsoft RDS and Azure RemoteApp {[online]}",
url = {https://www.citrix.com/content/dam/citrix/en\_us/documents/products-solutions/forrester-wave-server-hosted-virtual-desktops-q3-2015.pdf},
type = {web page},
month = {{September}},
year = {{2016}},
note = "[Cit. 09-02-2017]",
key = "zVMwareMicrosoft"
}

@misc{OracleVB,
title = "Oracle VM VirtualBox 5.0 Overview {[online]}",
url = {http://www.oracle.com/us/technologies/virtualization/oracle-vm-virtualbox-overview-2981353.pdf},
type = {web page},
month = {{March}},
year = {{2016}},
note = "[Cit. 09-02-2017]",
key = "zOracleVB"
}


@article{stagliano2013consumerization,
  title={The Consumerization of Information Technology},
  author={Stagliano, Tom and DiPoalo, Anthony and Coonnelly, Patricia},
  journal={Graduate Annual},
  volume={1},
  number={1},
  pages={10},
  year={2013}
}

@INPROCEEDINGS{koch2014consumerization,
  title={Consumerization and IT Department Conflict},
  author={Koch, Hope and Zhang, Sixuan and Giddens, Laurie and Milic, Nash and Yan, Kevin and Curry, Patrick},
  booktitle={Thirty Fifth International Conference on Information Systems},
  address={Auckland},
  year={2014}
}

@article{CiscoJournal,
    author =       "{Paul Ferguson, Geoff Huston}",
    title =        "{What Is a VPN? -- Part I}.",
    journal =      "The Internet Protocol Journal",
    volume =       "1",
    number =       "1",
    year =         "1998"
}

@MANUAL{FlexBrief,
    title = "VMware Horizon FLEX Solution Brief {[online]}",
    author = {Andy Morris},
    organization = "VMware",
    url = "http://www.vmware.com/content/dam/digitalmarketing/vmware/en/pdf/techpaper/vmware-horizon-flex-solution-brief-mirage-fusion-player.pdf",
    note = "[Cit. 01-02-2017]"
}

@MANUAL{FlexDeployment,
    title = " VMware Horizon FLEX Deployment Considerations  {[online]}",
    author = {Coltoff, Perrin Debra AND De Nike, Kristina AND Chris White AND Jason Bassford AND Gina Daly},
    organization = "VMware",
    url = "http://www.vmware.com/content/dam/digitalmarketing/vmware/en/pdf/techpaper/vmware-horizon-flex-deployment-considerations.pdf",
    note = "[cit. 01-05-2017]"
}

@MANUAL{BBEMS,
    title = "BlackBerry Enterprise Mobility Suite {[online]}",
    organization = "BlackBerry",
    url = "https://global.blackberry.com/content/dam/blackberry-com/PDF/enterprise/ds-blackberry-enterprise-mobility-suite.pdf",
    note = "[cit. 10-05-2017]",
    key = "zBBEMS"
}

@MANUAL{BBLicence,
    title = "Determining what licenses you need - BlackBerry UEM -- 12.6 {[online]}",
    organization = "BlackBerry",
    url = "http://help.blackberry.com/en/blackberry-uem/12.6/licensing/dhd1465315353877.html",
    note = "[cit. 10-05-2017]",
    key = "zBBLicence"
}

@MANUAL{BBUEM,
    title = "BlackBerry UEM - 12.6 {[online]}",
    organization = "BlackBerry",
    url = "http://help.blackberry.com/en/blackberry-uem/current/",
    note = "[cit. 10-05-2017]"
}

@BOOK{Shackleford, 
title={Virtualization Security: Protecting Virtualized Environments},
author={Dave Shackleford},
publisher={Sybex},
year={2012},
month={11},
edition={1},
isbn={9781118288122},
totalpages={360},
timestamp={2017.05.05},
}
    

@MANUAL{CiscoDesign,
    title = "Cisco Unified Access (UA) and Bring Your Own Device (BYOD) CVD {[online]}",
    author = {Zeb Hallock AND John Johnston AND Fernando Macias AND Roland Saville AND Srinivas Tenneti AND Mike Jessup AND Suyog Deshpande AND Tim Szigeti},
    organization = "Cisco Systems",
    url = "http://www.cisco.com/c/en/us/td/docs/solutions/Enterprise/Borderless\_Networks/Unified\_Access/BYOD\_Design\_Guide.html",
    year = {2014},
    month = {August},
    note = "[cit. 01-02-2017]"
}

@MANUAL{svgspec,
    title = "Scalable Vector Graphics (SVG) 1.1 Specification {[online]}",
    organization = "WWW Consorcium",
    url = "http://www.w3.org/TR/2003/REC-SVG11-20030114/",
    note = "[cit. 2011-07-07]",
    key = "svg"
}

@BOOK{kobltypo,
	title = "Praktick{\' a} typografie",
	author = "Pavel Ko{\v c}i{\v c}ka and Filip Bla{\v z}ek",
	publisher = "Brno: Computer Press",
	year = "2004"
}

@BOOK{rybicka,
	title = "LaTeX pro za\v c\'ate\v cn\'\i{}ky",
	author = "Ji{\v r}{\' i} Rybi{\v c}ka",
	isbn = "80-7302-049-1",
	publisher = "Brno: Konvoj",
	edition = "3"
}

@MANUAL{iso690,
	organization = "\'U\v rad pro technickou normalizaci, metrologii a st\'atn\'\i{} zku\v sebnictv\'\i{}",
	title = "\v CSN ISO 690 Informace a dokumentace -- Pravidla pro bibliografick\'e odkazy a citace informa\v cn\'\i{}ch zdroj{\r u}",
	year = "2011"
}
